<?xml version="1.0" encoding="UTF-8"?><collection xmlns="http://www.loc.gov/MARC21/slim"><record><leader>00415nam--2200121-i-4500</leader><controlfield tag="001">000035649</controlfield><controlfield tag="002">20161230</controlfield><controlfield tag="005">20161230201040</controlfield><controlfield tag="008">060222s1000------------r-----000-0-eng-d</controlfield><datafield ind1=" " ind2=" " tag="080"><subfield code="a">061.3:669</subfield></datafield><datafield ind1=" " ind2=" " tag="245"><subfield code="a">Nitriding symposium,held during the anuual convention of the american society for steel treating cleveland, sept.13, 1929</subfield></datafield><datafield ind1=" " ind2=" " tag="260"><subfield code="a">Cleveland, Ohio, American Society For Steel Treating, 1929. 222p</subfield></datafield><datafield ind1=" " ind2=" " tag="852"><subfield code="a">5132</subfield></datafield></record></collection>